2346 3726
83 45 104 72 N
177 61 179 69 .

170 110 239 162 παι
467 87 779 189 Prologus.

173 291 287 339 versus
302 283 464 355 postrema
482 291 541 356 per
557 274 688 350 lineam,
706 288 763 336 aut
780 295 912 340 curram
929 293 986 340 eut
1001 300 1056 344 re·

128 412 130 428 ι
169 376 264 434 ctam,
282 377 418 440 eamque
438 361 567 434 rubram
584 375 743 442 reparata,
770 377 802 422 et
815 363 854 424 ad
875 365 1051 448 perpendi-¹

15 455 18 470 '
69 465 78 472 ⁴
169 451 311 506 cularern
335 443 489 529 marginis
520 435 639 504 linedm
662 465 768 528 utque
804 449 846 508 sit
873 465 1050 532 protracta.

73 597 78 612 .
166 527 275 595 Notae
294 530 328 612 in
346 528 499 612 'margine
519 529 691 611 adjunctae
716 531 870 593 videntur
894 555 964 593 esse
982 527 1051 620 aad·

67 645 69 654 ·
167 618 233 674 culi
257 611 329 676 XV.
376 614 563 699 Longitudo
588 614 685 696 hujus
704 615 836 678 Codicis
860 633 909 678 ert
929 635 948 694 7
965 623 1047 703 poll.

167 717 207 762 lo
223 699 280 760 lin.
304 729 345 748 -
367 699 509 758 latitudo
529 711 548 776 4
564 703 643 780 poll.
1067 695 1079 704 ’

113 793 115 798 ’
151 821 176 867 fl
251 787 306 843 De
332 783 460 850 duobus
490 783 807 868 ultimis'codicibur
840 789 962 848 mentio
983 793 1048 870 jam

163 870 251 931 facte
271 885 321 930 eat
341 871 432 930 anuis
458 882 540 943 1785
554 903 597 918 -··
612 890 652 950 90
674 892 690 930 a
709 870 919 932 celeberrimo
942 876 992 934 M.
1016 876 1047 938 J.
1087 927 1091 930 .

164 957 216 1018 Fr.
240 958 376 1040 Degen‚
423 954 555 1014 scholae
583 957 720 1036 illustris
739 955 911 1016 Neostadii
927 957 967 1016 ad
992 961 1048 1020 Ai-
1103 1005 1105 1010 ,

165 1040 274 1100 acham
293 1060 397 1122 aeque
414 1060 450 1098 ac
472 1039 651 1100 Orrolsbaci
676 1042 770 1116 olim,
809 1063 897 1101 nunc
913 1064 1047 1124 gymna-

165 1126 204 1186 sii
220 1125 434 1186 Baruthensis
448 1124 634 1184 Professore
652 1139 685 1184 et
703 1128 843 1186 Rectore
862 1129 896 1186 in
913 1129 1044 1202 litteris,

149 1199 286 1292 xquibus
313 1208 353 1270 ad
381 1228 516 1270 examen
544 1213 733 1268 autumnale
756 1210 926 1283 invitavit,
979 1205 1045 1274 nou

164 1297 234 1355 sine
250 1295 397 1354 maximis
413 1294 534 1378 gratiis,
548 1293 681 1374 .quibus
692 1294 852 1356 Comitem
870 1319 886 1356 a
903 1291 1045 1370 Schoen·
1129 1355 1133 1364 ,

161 1379 264 1455 born,
277 1452 279 1456 .
294 1379 496 1442 Maecenatis
516 1380 618 1440 nostri
640 1381 783 1458 Patrem,
823 1383 963 1442 nominis
987 1385 1045 1443 im·

162 1465 361 1528 mortalitate
384 1463 516 1548 dignum
538 1484 598 1546 pro
620 1474 771 1525 concessa
796 1465 872 1538 sibi,
914 1469 1045 1530 codices

162 1571 232 1614 non
246 1547 579 1630 nulloscomparandi‚
594 1549 753 1610 facultate
770 1566 967 1632 prosecutur
984 1565 1044 1616 est.

160 1634 351 1698 Dolendum
376 1633 471 1694 modo
497 1649 586 1712 est‚2
607 1635 695 1716 quod
714 1635 763 1696 Cl.
781 1639 897 1720 Degen
920 1656 986 1696 nou
1003 1658 1044 1698 ex

161 1737 309 1804 tempore
330 1741 440 1782 omnes
457 1741 530 1780 ruas
548 1734 642 1782 notas
659 1721 988 1808 'exegetica-criticae
1008 1723 1043 1784 iu

156 1810 268 1867 lucem
286 1807 399 1868 edidit.
427 1803 432 1810 ’

248 1893 323 1973 Quo
347 1890 485 1948 celerius
515 1889 644 1949 codices
668 1887 712 1955 hi'¹
738 1911 811 1951 cum
834 1894 965 1976 vulgata
993 1891 1042 1951 l'e·

163 1973 272 2036 ctione
286 1975 530 2048 conferrentur,
554 1976 691 2034 multum
707 1978 819 2034 attulit
837 1979 928 2056 varip
939 1977 1043 2042 lectio

160 2075 273 2123 notata
296 2080 312 2118 a
335 2055 565 2140 philosophiae
591 2055 772 2117 candidato
789 2059 925 2140 Geor-gio
942 2063 1043 2120 Fran·
1084 2097 1093 2108 -

160 2151 239 2213 circo
260 2143 392 2205 Ammon
413 2139 661 2226 Bambergensi,
702 2143 759 2222 qui
776 2143 815 2202 ab
832 2145 1040 2206 incunabulis

158 2232 284 2318 ingenii
306 2227 552 2306 industriaeque
574 2225 672 2286 laude
688 2247 753 2286 non
769 2231 898 2307 minus,
943 2251 1041 2311 quarn

128 2384 130 2390 ,
158 2338 283 2380 urorum
299 2313 463 2395 probitate
480 2313 566 2371 inter
582 2330 691 2384 omnes
706 2313 948 2396 condiscipulos
962 2321 1041 2373 ruos'

157 2405 203 2468 ita
221 2400 395 2474 excelluit,
434 2412 472 2456 ut
486 2387 611 2457 uullu'ur
629 2399 670 2457 sit
688 2397 842 2476 dubium,
887 2400 966 2480 quin
982 2399 1041 2458 ali·

159 2484 292 2571 quando
315 2501 450 2543 munere
476 2481 623 2542 docentis
647 2485 745 2542 ullam
776 2485 943 2543 seientiam
971 2503 1040 2542 uon

156 2569 314 2657 inglorius
330 2567 422 2650 fungi
439 2568 553 2645 possit.
585 2567 646 2624 Pro
663 2567 798 2640 auxilio,
822 2567 855 2622 in
873 2581 939 2644 quo
957 2565 1040 2624 mihi

155 2671 235 2724 erat,
259 2650 406 2733 publicas
422 2648 475 2707 hic
493 2651 524 2711 ei
540 2647 659 2734 gratias
675 2656 785 2731 agens,
807 2666 895 2728 spem
911 2649 1038 2728 patriae

155 2745 190 2804 iu
209 2759 248 2801 eo
266 2733 444 2816 ponendam
462 2733 668 2816 praenuntio.
886 2801 890 2810 Ι
1059 2751 1063 2754 ·

248 2823 353 2888 Variis
368 2820 498 2880 Horatii
519 2815 736 2888 lectionibus,
774 2836 855 2900 quar
872 2835 888 2876 e
908 2813 1039 2877 Codici-

102 2961 107 2970 ,
131 2966 137 2974 ,
157 2909 219 2987 but
235 2925 400 2978 erutarum,
425 2903 642 2987 adjunxiuon
661 2906 765 2963 tolum
784 2921 894 2962 omnes
910 2903 1038 2983 priore!

154 3000 218 3082 jam
241 2993 412 3074 impressas
441 3001 474 3049 et
496 2987 576 3050 mihi
598 2989 762 3076 cognitas,
795 2985 861 3048 ‘red
886 2989 983 3046 etiam
1006 2987 1036 3050 J.

154 3076 344 3144 Marklaudi
361 3089 455 3137 notar
473 3075 616 3162 aliquot,
659 3067 839 3156 derrriptaa
856 3091 873 3131 a
889 3071 1038 3162 margine
