<?xml version="1.0" encoding="UTF-8"?>
<!DOCTYPE html PUBLIC "-//W3C//DTD XHTML 1.0 Transitional//EN"
    "http://www.w3.org/TR/xhtml1/DTD/xhtml1-transitional.dtd">
<html xmlns="http://www.w3.org/1999/xhtml" xml:lang="en" lang="en">
 <head>
  <title>
</title>
<meta http-equiv="Content-Type" content="text/html;charset=utf-8" />
  <meta name='ocr-system' content='tesseract 3.04.00' />
  <meta name='ocr-capabilities' content='ocr_page ocr_carea ocr_par ocr_line ocrx_word'/>
</head>
<body>
  <div class='ocr_page' id='page_1' title='image "./qhoratiiflaccio00feagoog_0017.png"; bbox 0 0 2346 3726; ppageno 0'>
   <div class='ocr_carea' id='block_1_1' title="bbox 162 113 804 224">
    <p class='ocr_par' dir='ltr' id='par_1_1' title="bbox 162 113 804 224">
     <span class='ocr_line' id='line_1_1' title="bbox 162 113 804 224; baseline -0.011 -23"><span class='ocrx_word' id='word_1_1' title='bbox 162 147 251 216; x_wconf 79' lang='lat' dir='ltr'>vrri</span> <span class='ocrx_word' id='word_1_2' title='bbox 451 113 804 224; x_wconf 62' lang='lat' dir='ltr'>Prologus.⁸</span> 
     </span>
    </p>
   </div>
   <div class='ocr_carea' id='block_1_2' title="bbox 93 297 1159 1492">
    <p class='ocr_par' dir='ltr' id='par_1_2' title="bbox 93 297 1159 1308">
     <span class='ocr_line' id='line_1_2' title="bbox 146 297 1043 390; baseline -0.006 -18"><span class='ocrx_word' id='word_1_3' title='bbox 146 325 227 372; x_wconf 78' lang='lat' dir='ltr'>tam</span> <span class='ocrx_word' id='word_1_4' title='bbox 242 317 426 382; x_wconf 84' lang='lat' dir='ltr'>vetustate,</span> <span class='ocrx_word' id='word_1_5' title='bbox 450 297 626 388; x_wconf 84' lang='lat' dir='ltr'>specimine</span> <span class='ocrx_word' id='word_1_6' title='bbox 642 307 688 367; x_wconf 85' lang='lat' dir='ltr'>H.</span> <span class='ocrx_word' id='word_1_7' title='bbox 709 306 802 388; x_wconf 89' lang='lat' dir='ltr'>operi</span> <span class='ocrx_word' id='word_1_8' title='bbox 820 303 901 366; x_wconf 77' lang='lat' dir='ltr'>huid</span> <span class='ocrx_word' id='word_1_9' title='bbox 916 304 1043 390; x_wconf 84' lang='lat' dir='ltr'>adjecto</span> 
     </span>
     <span class='ocr_line' id='line_1_3' title="bbox 162 393 1046 480; baseline -0.003 -25"><span class='ocrx_word' id='word_1_10' title='bbox 162 394 313 480; x_wconf 86' lang='lat' dir='ltr'>probata,</span> <span class='ocrx_word' id='word_1_11' title='bbox 339 412 433 474; x_wconf 85' lang='lat' dir='ltr'>quam</span> <span class='ocrx_word' id='word_1_12' title='bbox 451 405 563 450; x_wconf 85' lang='lat' dir='ltr'>textus</span> <span class='ocrx_word' id='word_1_13' title='bbox 581 394 743 452; x_wconf 85' lang='lat' dir='ltr'>varietate</span> <span class='ocrx_word' id='word_1_14' title='bbox 761 393 912 468; x_wconf 82' lang='lat' dir='ltr'>excellit,</span> <span class='ocrx_word' id='word_1_15' title='bbox 937 408 975 452; x_wconf 94' lang='lat' dir='ltr'>ut</span> <span class='ocrx_word' id='word_1_16' title='bbox 991 413 1046 476; x_wconf 87' lang='lat' dir='ltr'>pa·</span> 
     </span>
     <span class='ocr_line' id='line_1_4' title="bbox 93 474 1045 558; baseline 0 -22"><span class='ocrx_word' id='word_1_17' title='bbox 93 484 127 544; x_wconf 56' lang='lat' dir='ltr'>.st</span> <span class='ocrx_word' id='word_1_18' title='bbox 163 493 215 540; x_wconf 88' lang='lat' dir='ltr'>tet</span> <span class='ocrx_word' id='word_1_19' title='bbox 232 501 271 538; x_wconf 84' lang='lat' dir='ltr'>ex</span> <span class='ocrx_word' id='word_1_20' title='bbox 287 475 406 538; x_wconf 89' lang='lat' dir='ltr'>litteris</span> <span class='ocrx_word' id='word_1_21' title='bbox 425 474 634 558; x_wconf 81' lang='lat' dir='ltr'>subscriptis:</span> <span class='ocrx_word' id='word_1_22' title='bbox 658 478 723 553; x_wconf 88' lang='lat' dir='ltr'>„In</span> <span class='ocrx_word' id='word_1_23' title='bbox 744 491 813 536; x_wconf 85' lang='lat' dir='ltr'>arte</span> <span class='ocrx_word' id='word_1_24' title='bbox 833 478 964 558; x_wconf 89' lang='lat' dir='ltr'>poetica</span> <span class='ocrx_word' id='word_1_25' title='bbox 979 477 1045 538; x_wconf 85' lang='lat' dir='ltr'>llo·</span> 
     </span>
     <span class='ocr_line' id='line_1_5' title="bbox 163 561 1044 641; baseline -0.006 -16"><span class='ocrx_word' id='word_1_26' title='bbox 163 565 268 625; x_wconf 82' lang='lat' dir='ltr'>ratius</span> <span class='ocrx_word' id='word_1_27' title='bbox 288 561 360 622; x_wconf 86' lang='lat' dir='ltr'>finit</span> <span class='ocrx_word' id='word_1_28' title='bbox 382 561 527 626; x_wconf 84' lang='lat' dir='ltr'>¹feliciter</span> <span class='ocrx_word' id='word_1_29' title='bbox 549 579 608 641; x_wconf 89' lang='lat' dir='ltr'>per</span> <span class='ocrx_word' id='word_1_30' title='bbox 631 561 762 622; x_wconf 83' lang='lat' dir='ltr'>fratrem</span> <span class='ocrx_word' id='word_1_31' title='bbox 782 561 940 626; x_wconf 89' lang='lat' dir='ltr'>Jacobum</span> <span class='ocrx_word' id='word_1_32' title='bbox 957 565 1044 624; x_wconf 90' lang='lat' dir='ltr'>Dam</span> 
     </span>
     <span class='ocr_line' id='line_1_6' title="bbox 164 646 1046 728; baseline -0.007 -17"><span class='ocrx_word' id='word_1_33' title='bbox 164 651 339 712; x_wconf 86' lang='lat' dir='ltr'>Lectorenr</span> <span class='ocrx_word' id='word_1_34' title='bbox 363 646 559 706; x_wconf 83' lang='lat' dir='ltr'>Beruensem</span> <span class='ocrx_word' id='word_1_35' title='bbox 577 655 661 706; x_wconf 84' lang='lat' dir='ltr'>anno</span> <span class='ocrx_word' id='word_1_36' title='bbox 682 657 762 724; x_wconf 80' lang='lat'>1485</span> <span class='ocrx_word' id='word_1_37' title='bbox 785 647 820 708; x_wconf 87' lang='lat' dir='ltr'>in</span> <span class='ocrx_word' id='word_1_38' title='bbox 837 661 952 708; x_wconf 79' lang='lat' dir='ltr'>octaua</span> <span class='ocrx_word' id='word_1_39' title='bbox 970 666 1046 728; x_wconf 89' lang='lat' dir='ltr'>apo·</span> 
     </span>
     <span class='ocr_line' id='line_1_7' title="bbox 164 731 1052 812; baseline -0.002 -16"><span class='ocrx_word' id='word_1_40' title='bbox 164 736 325 796; x_wconf 83' lang='lat' dir='ltr'>stolorum</span> <span class='ocrx_word' id='word_1_41' title='bbox 342 731 430 790; x_wconf 86' lang='lat' dir='ltr'>Petri</span> <span class='ocrx_word' id='word_1_42' title='bbox 446 735 480 792; x_wconf 87' lang='lat' dir='ltr'>e‘t</span> <span class='ocrx_word' id='word_1_43' title='bbox 496 733 591 792; x_wconf 87' lang='lat' dir='ltr'>Pauli</span> <span class='ocrx_word' id='word_1_44' title='bbox 608 745 641 790; x_wconf 92' lang='lat' dir='ltr'>et</span> <span class='ocrx_word' id='word_1_45' title='bbox 665 745 810 812; x_wconf 86' lang='lat' dir='ltr'>tempore</span> <span class='ocrx_word' id='word_1_46' title='bbox 826 731 1052 794; x_wconf 51' lang='lat' dir='ltr'>Parisionatnsx</span> 
     </span>
     <span class='ocr_line' id='line_1_8' title="bbox 166 811 1047 900; baseline -0.005 -22"><span class='ocrx_word' id='word_1_47' title='bbox 166 818 219 878; x_wconf 82' lang='lat' dir='ltr'>sni</span> <span class='ocrx_word' id='word_1_48' title='bbox 236 837 320 878; x_wconf 88' lang='lat' dir='ltr'>anno</span> <span class='ocrx_word' id='word_1_49' title='bbox 337 817 477 898; x_wconf 85' lang='lat' dir='ltr'>primo.“</span> <span class='ocrx_word' id='word_1_50' title='bbox 523 811 667 898; x_wconf 79' lang='lat' dir='ltr'>Quaevis</span> <span class='ocrx_word' id='word_1_51' title='bbox 685 818 802 900; x_wconf 81' lang='lat' dir='ltr'>pagina</span> <span class='ocrx_word' id='word_1_52' title='bbox 819 819 1047 897; x_wconf 82' lang='lat' dir='ltr'><strong>complectitur</strong></span> 
     </span>
     <span class='ocr_line' id='line_1_9' title="bbox 156 901 1046 987; baseline -0.002 -25"><span class='ocrx_word' id='word_1_53' title='bbox 156 903 208 965; x_wconf 70' lang='lat' dir='ltr'>&#39;ne</span> <span class='ocrx_word' id='word_1_54' title='bbox 225 937 267 950; x_wconf 93' lang='lat'><em>-</em></span> <span class='ocrx_word' id='word_1_55' title='bbox 283 917 323 974; x_wconf 73' lang='lat'>23</span> <span class='ocrx_word' id='word_1_56' title='bbox 340 919 464 976; x_wconf 86' lang='lat' dir='ltr'>versus,</span> <span class='ocrx_word' id='word_1_57' title='bbox 491 921 530 964; x_wconf 89' lang='lat' dir='ltr'>ao</span> <span class='ocrx_word' id='word_1_58' title='bbox 547 901 686 982; x_wconf 81' lang='lat' dir='ltr'>quodvis</span> <span class='ocrx_word' id='word_1_59' title='bbox 710 901 823 962; x_wconf 83' lang='lat' dir='ltr'>folium</span> <span class='ocrx_word' id='word_1_60' title='bbox 841 915 890 962; x_wconf 88' lang='lat' dir='ltr'>est</span> <span class='ocrx_word' id='word_1_61' title='bbox 905 901 1046 987; x_wconf 83' lang='lat' dir='ltr'>longitu-</span> 
     </span>
     <span class='ocr_line' id='line_1_10' title="bbox 165 985 1047 1066; baseline 0.001 -20"><span class='ocrx_word' id='word_1_62' title='bbox 165 986 254 1046; x_wconf 82' lang='lat' dir='ltr'>dinis</span> <span class='ocrx_word' id='word_1_63' title='bbox 272 1003 308 1048; x_wconf 66' lang='grc' dir='ltr'>ια</span> <span class='ocrx_word' id='word_1_64' title='bbox 325 986 405 1066; x_wconf 91' lang='lat' dir='ltr'>poll.</span> <span class='ocrx_word' id='word_1_65' title='bbox 423 999 444 1058; x_wconf 87' lang='lat'><em>5</em></span> <span class='ocrx_word' id='word_1_66' title='bbox 467 986 545 1056; x_wconf 79' lang='lat' dir='ltr'>lim,</span> <span class='ocrx_word' id='word_1_67' title='bbox 571 1000 604 1044; x_wconf 90' lang='lat' dir='ltr'>et</span> <span class='ocrx_word' id='word_1_68' title='bbox 622 985 806 1045; x_wconf 84' lang='lat' dir='ltr'>latitudinis</span> <span class='ocrx_word' id='word_1_69' title='bbox 824 1001 843 1057; x_wconf 87' lang='lat'>7</span> <span class='ocrx_word' id='word_1_70' title='bbox 860 988 939 1066; x_wconf 91' lang='lat' dir='ltr'>poll.</span> <span class='ocrx_word' id='word_1_71' title='bbox 955 999 975 1058; x_wconf 81' lang='lat' dir='ltr'><strong>ss</strong></span> <span class='ocrx_word' id='word_1_72' title='bbox 989 986 1047 1048; x_wconf 91' lang='lat' dir='ltr'>lin.</span> 
     </span>
     <span class='ocr_line' id='line_1_11' title="bbox 166 1069 1047 1152; baseline -0.001 -22"><span class='ocrx_word' id='word_1_73' title='bbox 166 1071 260 1134; x_wconf 88' lang='lat' dir='ltr'>Idem</span> <span class='ocrx_word' id='word_1_74' title='bbox 285 1069 441 1134; x_wconf 73' lang='lat' dir='ltr'>volumen</span> <span class='ocrx_word' id='word_1_75' title='bbox 475 1069 596 1129; x_wconf 90' lang='lat' dir='ltr'>codicis</span> <span class='ocrx_word' id='word_1_76' title='bbox 620 1072 766 1130; x_wconf 91' lang='lat' dir='ltr'>continet</span> <span class='ocrx_word' id='word_1_77' title='bbox 799 1069 906 1128; x_wconf 89' lang='lat' dir='ltr'>adhuc</span> <span class='ocrx_word' id='word_1_78' title='bbox 936 1075 1047 1152; x_wconf 88' lang='lat' dir='ltr'>plures</span> 
     </span>
     <span class='ocr_line' id='line_1_12' title="bbox 166 1143 1159 1244; baseline -0.003 -27"><span class='ocrx_word' id='word_1_79' title='bbox 166 1157 250 1217; x_wconf 81' lang='lat' dir='ltr'>alios</span> <span class='ocrx_word' id='word_1_80' title='bbox 273 1143 614 1231; x_wconf 74' lang='lat' dir='ltr'>riutores&#39;Classicos,</span> <span class='ocrx_word' id='word_1_81' title='bbox 654 1175 702 1244; x_wconf 47' lang='lat' dir='ltr'>&#39;ex</span> <span class='ocrx_word' id='word_1_82' title='bbox 727 1153 847 1236; x_wconf 89' lang='lat' dir='ltr'>quibus</span> <span class='ocrx_word' id='word_1_83' title='bbox 870 1156 1046 1236; x_wconf 81' lang='lat' dir='ltr'>praecipue</span> <span class='ocrx_word' id='word_1_84' title='bbox 1158 1217 1159 1226; x_wconf 12' lang='grc' dir='ltr'><strong>ξ</strong></span> 
     </span>
     <span class='ocr_line' id='line_1_13' title="bbox 169 1208 1159 1308; baseline -0.002 -8"><span class='ocrx_word' id='word_1_85' title='bbox 169 1239 343 1306; x_wconf 80' lang='lat' dir='ltr'>Juven&#39;alis</span> <span class='ocrx_word' id='word_1_86' title='bbox 360 1239 658 1300; x_wconf 85' lang='lat' dir='ltr'>commemorandus</span> <span class='ocrx_word' id='word_1_87' title='bbox 675 1253 734 1299; x_wconf 89' lang='lat' dir='ltr'>est.</span> <span class='ocrx_word' id='word_1_88' title='bbox 1036 1208 1056 1308; x_wconf 63' lang='lat' dir='ltr'><em>s</em></span> <span class='ocrx_word' id='word_1_89' title='bbox 1158 1279 1159 1284; x_wconf 24' lang='grc' dir='ltr'><strong>κ</strong></span> 
     </span>
    </p>

    <p class='ocr_par' dir='ltr' id='par_1_3' title="bbox 168 1315 1159 1492">
     <span class='ocr_line' id='line_1_14' title="bbox 253 1315 1159 1408; baseline 0.004 -26"><span class='ocrx_word' id='word_1_90' title='bbox 253 1320 388 1408; x_wconf 72' lang='lat' dir='ltr'>Quibus</span> <span class='ocrx_word' id='word_1_91' title='bbox 407 1321 574 1384; x_wconf 86' lang='lat' dir='ltr'>laboribus</span> <span class='ocrx_word' id='word_1_92' title='bbox 599 1325 679 1384; x_wconf 86' lang='lat' dir='ltr'>actis</span> <span class='ocrx_word' id='word_1_93' title='bbox 696 1324 833 1408; x_wconf 84' lang='lat' dir='ltr'>contigit</span> <span class='ocrx_word' id='word_1_94' title='bbox 855 1315 936 1386; x_wconf 85' lang='lat' dir='ltr'>mibi</span> <span class='ocrx_word' id='word_1_95' title='bbox 955 1345 1049 1406; x_wconf 79' lang='lat' dir='ltr'>prae·</span> <span class='ocrx_word' id='word_1_96' title='bbox 1158 1319 1159 1346; x_wconf 68' lang='lat'>³</span> 
     </span>
     <span class='ocr_line' id='line_1_15' title="bbox 168 1402 1113 1492; baseline -0.003 -20"><span class='ocrx_word' id='word_1_97' title='bbox 168 1413 313 1490; x_wconf 80' lang='lat' dir='ltr'>terlapso</span> <span class='ocrx_word' id='word_1_98' title='bbox 332 1420 508 1482; x_wconf 90' lang='lat' dir='ltr'>autumn0,</span> <span class='ocrx_word' id='word_1_99' title='bbox 549 1423 620 1468; x_wconf 85' lang='lat' dir='ltr'>uta</span> <span class='ocrx_word' id='word_1_100' title='bbox 642 1410 817 1492; x_wconf 86' lang='lat' dir='ltr'>plurimum</span> <span class='ocrx_word' id='word_1_101' title='bbox 844 1410 1051 1472; x_wconf 85' lang='lat' dir='ltr'>eximioDo·</span> <span class='ocrx_word' id='word_1_102' title='bbox 1108 1402 1113 1414; x_wconf 75' lang='grc'>’</span> 
     </span>
    </p>
   </div>
   <div class='ocr_carea' id='block_1_3' title="bbox 106 1491 1155 1662">
    <p class='ocr_par' dir='ltr' id='par_1_4' title="bbox 106 1484 1157 1662">
     <span class='ocr_line' id='line_1_16' title="bbox 112 1491 1051 1578; baseline 0.004 -28"><span class='ocrx_word' id='word_1_103' title='bbox 112 1543 113 1550; x_wconf 74' lang='grc'>,</span> <span class='ocrx_word' id='word_1_104' title='bbox 168 1495 258 1557; x_wconf 86' lang='lat' dir='ltr'>mino</span> <span class='ocrx_word' id='word_1_105' title='bbox 276 1491 402 1573; x_wconf 85' lang='lat' dir='ltr'>Comite</span> <span class='ocrx_word' id='word_1_106' title='bbox 419 1493 543 1553; x_wconf 79' lang='lat' dir='ltr'>Erwino</span> <span class='ocrx_word' id='word_1_107' title='bbox 561 1495 727 1554; x_wconf 83' lang='lat' dir='ltr'>Franciseo</span> <span class='ocrx_word' id='word_1_108' title='bbox 745 1495 901 1554; x_wconf 76' lang='lat' dir='ltr'>Damtaao</span> <span class='ocrx_word' id='word_1_109' title='bbox 917 1496 1051 1578; x_wconf 82' lang='lat' dir='ltr'>Joseplro</span> 
     </span>
     <span class='ocr_line' id='line_1_17' title="bbox 106 1575 1155 1662; baseline -0.002 -21"><span class='ocrx_word' id='word_1_110' title='bbox 106 1617 109 1622; x_wconf 92' lang='lat'>·</span> <span class='ocrx_word' id='word_1_111' title='bbox 169 1606 194 1640; x_wconf 78' lang='lat' dir='ltr'>a</span> <span class='ocrx_word' id='word_1_112' title='bbox 215 1575 431 1653; x_wconf 79' lang='lat' dir='ltr'>Schoendorn,</span> <span class='ocrx_word' id='word_1_113' title='bbox 472 1578 1051 1662; x_wconf 67' lang='lat' dir='ltr'>quiOrdinumregnillayaricicu·</span> <span class='ocrx_word' id='word_1_114' title='bbox 1152 1588 1155 1599; x_wconf 94' lang='lat'>&#39;</span> 
     </span>
    </p>
   </div>
   <div class='ocr_carea' id='block_1_4' title="bbox 78 1662 1078 2336">
    <p class='ocr_par' dir='ltr' id='par_1_5' title="bbox 128 1662 1078 2082">
     <span class='ocr_line' id='line_1_18' title="bbox 170 1662 1052 1746; baseline -0.001 -20"><span class='ocrx_word' id='word_1_115' title='bbox 170 1667 240 1727; x_wconf 82' lang='lat' dir='ltr'>riae</span> <span class='ocrx_word' id='word_1_116' title='bbox 257 1662 418 1746; x_wconf 76' lang='lat' dir='ltr'>superiori</span> <span class='ocrx_word' id='word_1_117' title='bbox 442 1682 509 1722; x_wconf 89' lang='lat' dir='ltr'>non</span> <span class='ocrx_word' id='word_1_118' title='bbox 534 1664 651 1723; x_wconf 86' lang='lat' dir='ltr'>minori</span> <span class='ocrx_word' id='word_1_119' title='bbox 673 1662 869 1722; x_wconf 83' lang='lat' dir='ltr'>liberalitate</span> <span class='ocrx_word' id='word_1_120' title='bbox 893 1684 988 1744; x_wconf 90' lang='lat' dir='ltr'>quam</span> <span class='ocrx_word' id='word_1_121' title='bbox 1003 1683 1052 1725; x_wconf 88' lang='lat' dir='ltr'>sa·</span> 
     </span>
     <span class='ocr_line' id='line_1_19' title="bbox 172 1749 1053 1832; baseline 0 -24"><span class='ocrx_word' id='word_1_122' title='bbox 172 1749 299 1832; x_wconf 88' lang='lat' dir='ltr'>pientia</span> <span class='ocrx_word' id='word_1_123' title='bbox 318 1768 346 1808; x_wconf 90' lang='lat' dir='ltr'>a.</span> <span class='ocrx_word' id='word_1_124' title='bbox 370 1759 450 1828; x_wconf 80' lang='lat'><strong>¹8¹9</strong></span> <span class='ocrx_word' id='word_1_125' title='bbox 474 1749 635 1828; x_wconf 83' lang='lat' dir='ltr'>praefuit,</span> <span class='ocrx_word' id='word_1_126' title='bbox 669 1749 796 1808; x_wconf 88' lang='lat' dir='ltr'>veniam</span> <span class='ocrx_word' id='word_1_127' title='bbox 819 1763 974 1829; x_wconf 87' lang='lat' dir='ltr'>peterem,</span> <span class='ocrx_word' id='word_1_128' title='bbox 999 1767 1053 1808; x_wconf 87' lang='lat' dir='ltr'>co·</span> 
     </span>
     <span class='ocr_line' id='line_1_20' title="bbox 128 1833 1049 1914; baseline 0 -22"><span class='ocrx_word' id='word_1_129' title='bbox 128 1839 133 1850; x_wconf 85' lang='lat'><strong><em>¹</em></strong></span> <span class='ocrx_word' id='word_1_130' title='bbox 161 1833 263 1893; x_wconf 85' lang='lat' dir='ltr'>dices</span> <span class='ocrx_word' id='word_1_131' title='bbox 292 1833 453 1892; x_wconf 87' lang='lat' dir='ltr'>Autorum</span> <span class='ocrx_word' id='word_1_132' title='bbox 480 1833 628 1914; x_wconf 75' lang='lat' dir='ltr'>Linguae</span> <span class='ocrx_word' id='word_1_133' title='bbox 653 1833 792 1893; x_wconf 79' lang='lat' dir='ltr'>Latinae</span> <span class='ocrx_word' id='word_1_134' title='bbox 819 1833 1049 1910; x_wconf 88' lang='lat' dir='ltr'>Classicorum,</span> 
     </span>
     <span class='ocr_line' id='line_1_21' title="bbox 171 1912 1053 1997; baseline 0.002 -22"><span class='ocrx_word' id='word_1_135' title='bbox 171 1920 208 1978; x_wconf 91' lang='lat' dir='ltr'>in</span> <span class='ocrx_word' id='word_1_136' title='bbox 223 1912 429 1982; x_wconf 84' lang='lat' dir='ltr'>Bibliotheca</span> <span class='ocrx_word' id='word_1_137' title='bbox 448 1920 517 1997; x_wconf 82' lang='lat' dir='ltr'>ejus</span> <span class='ocrx_word' id='word_1_138' title='bbox 535 1916 732 1976; x_wconf 86' lang='lat' dir='ltr'>Gaibacensi</span> <span class='ocrx_word' id='word_1_139' title='bbox 747 1931 947 1996; x_wconf 80' lang='lat' dir='ltr'>asservatos,</span> <span class='ocrx_word' id='word_1_140' title='bbox 970 1919 1053 1978; x_wconf 87' lang='lat' dir='ltr'>invi·</span> 
     </span>
     <span class='ocr_line' id='line_1_22' title="bbox 151 1993 1078 2082; baseline 0 -22"><span class='ocrx_word' id='word_1_141' title='bbox 151 2005 243 2060; x_wconf 86' lang='lat' dir='ltr'>&#39;cem</span> <span class='ocrx_word' id='word_1_142' title='bbox 260 1999 478 2080; x_wconf 86' lang='lat' dir='ltr'>comparandi.</span> <span class='ocrx_word' id='word_1_143' title='bbox 541 1999 670 2082; x_wconf 83' lang='lat' dir='ltr'>Quibus</span> <span class='ocrx_word' id='word_1_144' title='bbox 691 2001 770 2060; x_wconf 83' lang='lat' dir='ltr'>meis</span> <span class='ocrx_word' id='word_1_145' title='bbox 788 1993 941 2081; x_wconf 86' lang='lat' dir='ltr'>precibus</span> <span class='ocrx_word' id='word_1_146' title='bbox 960 2017 1053 2062; x_wconf 84' lang='lat' dir='ltr'>tanta</span> <span class='ocrx_word' id='word_1_147' title='bbox 1076 2007 1078 2010; x_wconf 81' lang='grc'><strong>’</strong></span> 
     </span>
    </p>

    <p class='ocr_par' dir='ltr' id='par_1_6' title="bbox 78 2080 1054 2336">
     <span class='ocr_line' id='line_1_23' title="bbox 138 2080 1053 2166; baseline 0.001 -21"><span class='ocrx_word' id='word_1_148' title='bbox 138 2080 141 2087; x_wconf 48' lang='lat'><em>⁴</em></span> <span class='ocrx_word' id='word_1_149' title='bbox 170 2086 403 2146; x_wconf 85' lang='lat' dir='ltr'>benevolentia</span> <span class='ocrx_word' id='word_1_150' title='bbox 415 2085 564 2159; x_wconf 86' lang='lat' dir='ltr'>indulsit,</span> <span class='ocrx_word' id='word_1_151' title='bbox 587 2098 625 2142; x_wconf 91' lang='lat' dir='ltr'>ut</span> <span class='ocrx_word' id='word_1_152' title='bbox 638 2084 752 2166; x_wconf 87' lang='lat' dir='ltr'>paucis</span> <span class='ocrx_word' id='word_1_153' title='bbox 770 2099 845 2164; x_wconf 89' lang='lat' dir='ltr'>post</span> <span class='ocrx_word' id='word_1_154' title='bbox 860 2084 972 2148; x_wconf 87' lang='lat' dir='ltr'>diebus</span> <span class='ocrx_word' id='word_1_155' title='bbox 986 2107 1053 2146; x_wconf 87' lang='lat' dir='ltr'>om·</span> 
     </span>
     <span class='ocr_line' id='line_1_24' title="bbox 78 2165 1054 2256; baseline -0.002 -24"><span class='ocrx_word' id='word_1_156' title='bbox 78 2175 80 2178; x_wconf 78' lang='grc'><strong>’</strong></span> <span class='ocrx_word' id='word_1_157' title='bbox 170 2190 246 2232; x_wconf 90' lang='lat' dir='ltr'>nem</span> <span class='ocrx_word' id='word_1_158' title='bbox 267 2167 416 2230; x_wconf 83' lang='lat' dir='ltr'>codicum</span> <span class='ocrx_word' id='word_1_159' title='bbox 433 2165 623 2242; x_wconf 81' lang='lat' dir='ltr'>thesaurum</span> <span class='ocrx_word' id='word_1_160' title='bbox 638 2167 719 2228; x_wconf 89' lang='lat' dir='ltr'>mibi</span> <span class='ocrx_word' id='word_1_161' title='bbox 734 2171 892 2236; x_wconf 86' lang='lat' dir='ltr'>mitteret.</span> <span class='ocrx_word' id='word_1_162' title='bbox 925 2171 1054 2256; x_wconf 84' lang='lat' dir='ltr'>Quodsi</span> 
     </span>
     <span class='ocr_line' id='line_1_25' title="bbox 172 2253 1052 2336; baseline 0.001 -22"><span class='ocrx_word' id='word_1_163' title='bbox 172 2253 436 2314; x_wconf 82' lang='lat' dir='ltr'>benevolentiam</span> <span class='ocrx_word' id='word_1_164' title='bbox 453 2268 485 2314; x_wconf 87' lang='lat' dir='ltr'>et</span> <span class='ocrx_word' id='word_1_165' title='bbox 500 2253 743 2330; x_wconf 84' lang='lat' dir='ltr'>liberalitatem,</span> <span class='ocrx_word' id='word_1_166' title='bbox 763 2275 825 2336; x_wconf 88' lang='lat' dir='ltr'>qua</span> <span class='ocrx_word' id='word_1_167' title='bbox 843 2255 1052 2317; x_wconf 88' lang='lat' dir='ltr'>celeberrima</span> 
     </span>
    </p>
   </div>
   <div class='ocr_carea' id='block_1_5' title="bbox 70 2335 1052 2421">
    <p class='ocr_par' dir='ltr' id='par_1_7' title="bbox 70 2335 1052 2421">
     <span class='ocr_line' id='line_1_26' title="bbox 70 2335 1052 2421; baseline -0.002 -21"><span class='ocrx_word' id='word_1_168' title='bbox 70 2361 84 2372; x_wconf 91' lang='lat'><strong>·</strong></span> <span class='ocrx_word' id='word_1_169' title='bbox 169 2339 293 2400; x_wconf 80' lang='lat' dir='ltr'>familia</span> <span class='ocrx_word' id='word_1_170' title='bbox 314 2339 476 2400; x_wconf 85' lang='lat' dir='ltr'>Comitum</span> <span class='ocrx_word' id='word_1_171' title='bbox 501 2361 518 2403; x_wconf 83' lang='lat' dir='ltr'>a</span> <span class='ocrx_word' id='word_1_172' title='bbox 542 2337 755 2411; x_wconf 75' lang='lat' dir='ltr'>Schoenborn</span> <span class='ocrx_word' id='word_1_173' title='bbox 779 2359 838 2421; x_wconf 89' lang='lat' dir='ltr'>per</span> <span class='ocrx_word' id='word_1_174' title='bbox 862 2355 991 2401; x_wconf 87' lang='lat' dir='ltr'>centum</span> <span class='ocrx_word' id='word_1_175' title='bbox 1017 2335 1052 2400; x_wconf 81' lang='lat' dir='ltr'>e&#39;t</span> 
     </span>
    </p>
   </div>
   <div class='ocr_carea' id='block_1_6' title="bbox 98 2423 1054 3188">
    <p class='ocr_par' dir='ltr' id='par_1_8' title="bbox 98 2423 1054 3188">
     <span class='ocr_line' id='line_1_27' title="bbox 170 2423 1051 2506; baseline 0.001 -22"><span class='ocrx_word' id='word_1_176' title='bbox 170 2424 303 2506; x_wconf 81' lang='lat' dir='ltr'>triginta</span> <span class='ocrx_word' id='word_1_177' title='bbox 332 2443 452 2501; x_wconf 87' lang='lat' dir='ltr'>annos,</span> <span class='ocrx_word' id='word_1_178' title='bbox 489 2423 528 2483; x_wconf 93' lang='lat' dir='ltr'>ab</span> <span class='ocrx_word' id='word_1_179' title='bbox 552 2424 809 2505; x_wconf 83' lang='lat' dir='ltr'>Arcbiepiseopo</span> <span class='ocrx_word' id='word_1_180' title='bbox 833 2443 949 2505; x_wconf 86' lang='lat' dir='ltr'>nempe</span> <span class='ocrx_word' id='word_1_181' title='bbox 973 2428 1051 2487; x_wconf 87' lang='lat' dir='ltr'>Mo·</span> 
     </span>
     <span class='ocr_line' id='line_1_28' title="bbox 171 2507 1054 2594; baseline -0.008 -26"><span class='ocrx_word' id='word_1_182' title='bbox 171 2508 309 2594; x_wconf 76' lang='lat' dir='ltr'>guntiae</span> <span class='ocrx_word' id='word_1_183' title='bbox 327 2525 360 2568; x_wconf 90' lang='lat' dir='ltr'>et</span> <span class='ocrx_word' id='word_1_184' title='bbox 369 2510 531 2590; x_wconf 85' lang='lat' dir='ltr'>Episcopo</span> <span class='ocrx_word' id='word_1_185' title='bbox 544 2507 940 2590; x_wconf 81' lang='lat' dir='ltr'>BambergensiLotbario</span> <span class='ocrx_word' id='word_1_186' title='bbox 951 2511 977 2568; x_wconf 91' lang='lat' dir='ltr'><strong>F</strong></span> <span class='ocrx_word' id='word_1_187' title='bbox 978 2531 1054 2571; x_wconf 85' lang='lat' dir='ltr'>ran.</span> 
     </span>
     <span class='ocr_line' id='line_1_29' title="bbox 171 2591 1053 2668; baseline 0.005 -17"><span class='ocrx_word' id='word_1_188' title='bbox 171 2593 259 2651; x_wconf 89' lang='lat' dir='ltr'>cisco</span> <span class='ocrx_word' id='word_1_189' title='bbox 278 2591 318 2652; x_wconf 88' lang='lat' dir='ltr'>ad</span> <span class='ocrx_word' id='word_1_190' title='bbox 335 2607 481 2655; x_wconf 86' lang='lat' dir='ltr'>nostrum</span> <span class='ocrx_word' id='word_1_191' title='bbox 493 2595 721 2653; x_wconf 84' lang='lat' dir='ltr'>Maecenatem</span> <span class='ocrx_word' id='word_1_192' title='bbox 736 2608 852 2668; x_wconf 85' lang='lat' dir='ltr'>usque,</span> <span class='ocrx_word' id='word_1_193' title='bbox 876 2603 945 2648; x_wconf 90' lang='lat' dir='ltr'>tum</span> <span class='ocrx_word' id='word_1_194' title='bbox 962 2607 1053 2654; x_wconf 82' lang='lat' dir='ltr'>artes</span> 
     </span>
     <span class='ocr_line' id='line_1_30' title="bbox 169 2674 1053 2758; baseline -0.012 -20"><span class='ocrx_word' id='word_1_195' title='bbox 169 2691 204 2738; x_wconf 83' lang='lat' dir='ltr'>et</span> <span class='ocrx_word' id='word_1_196' title='bbox 225 2679 395 2752; x_wconf 88' lang='lat' dir='ltr'>scientias,</span> <span class='ocrx_word' id='word_1_197' title='bbox 426 2692 494 2736; x_wconf 90' lang='lat' dir='ltr'>tum</span> <span class='ocrx_word' id='word_1_198' title='bbox 517 2675 660 2750; x_wconf 81' lang='lat' dir='ltr'>officinas</span> <span class='ocrx_word' id='word_1_199' title='bbox 677 2686 710 2732; x_wconf 90' lang='lat' dir='ltr'>et</span> <span class='ocrx_word' id='word_1_200' title='bbox 727 2674 956 2756; x_wconf 77' lang='lat' dir='ltr'>agriculturam</span> <span class='ocrx_word' id='word_1_201' title='bbox 973 2683 1053 2758; x_wconf 80' lang='lat' dir='ltr'>pr0&#39;.</span> 
     </span>
     <span class='ocr_line' id='line_1_31' title="bbox 170 2756 1051 2844; baseline 0 -22"><span class='ocrx_word' id='word_1_202' title='bbox 170 2762 340 2844; x_wconf 87' lang='lat' dir='ltr'>sequitur,</span> <span class='ocrx_word' id='word_1_203' title='bbox 366 2762 463 2821; x_wconf 86' lang='lat' dir='ltr'>etiam</span> <span class='ocrx_word' id='word_1_204' title='bbox 479 2761 596 2842; x_wconf 87' lang='lat' dir='ltr'>reliqui</span> <span class='ocrx_word' id='word_1_205' title='bbox 614 2756 717 2817; x_wconf 88' lang='lat' dir='ltr'>nobili</span> <span class='ocrx_word' id='word_1_206' title='bbox 733 2775 851 2840; x_wconf 80' lang='lat' dir='ltr'>genere</span> <span class='ocrx_word' id='word_1_207' title='bbox 868 2761 936 2819; x_wconf 88' lang='lat' dir='ltr'>nati</span> <span class='ocrx_word' id='word_1_208' title='bbox 951 2767 1051 2825; x_wconf 79' lang='lat' dir='ltr'>mori·¹</span> 
     </span>
     <span class='ocr_line' id='line_1_32' title="bbox 168 2841 1053 2927; baseline 0.003 -22"><span class='ocrx_word' id='word_1_209' title='bbox 168 2845 231 2906; x_wconf 88' lang='lat' dir='ltr'>bus</span> <span class='ocrx_word' id='word_1_210' title='bbox 241 2847 307 2906; x_wconf 86' lang='lat' dir='ltr'>suis</span> <span class='ocrx_word' id='word_1_211' title='bbox 317 2845 545 2926; x_wconf 81' lang='lat' dir='ltr'>exprimerent,</span> <span class='ocrx_word' id='word_1_212' title='bbox 558 2844 615 2926; x_wconf 89' lang='lat' dir='ltr'>qui</span> <span class='ocrx_word' id='word_1_213' title='bbox 629 2841 669 2902; x_wconf 87' lang='lat' dir='ltr'>de</span> <span class='ocrx_word' id='word_1_214' title='bbox 680 2841 803 2904; x_wconf 83' lang='lat' dir='ltr'>ordinis</span> <span class='ocrx_word' id='word_1_215' title='bbox 812 2841 909 2927; x_wconf 88' lang='lat' dir='ltr'>hujus</span> <span class='ocrx_word' id='word_1_216' title='bbox 918 2857 1053 2926; x_wconf 83' lang='lat' dir='ltr'>praero-</span> 
     </span>
     <span class='ocr_line' id='line_1_33' title="bbox 166 2925 1050 3014; baseline 0 -25"><span class='ocrx_word' id='word_1_217' title='bbox 166 2930 286 3014; x_wconf 80' lang='lat' dir='ltr'>gativis</span> <span class='ocrx_word' id='word_1_218' title='bbox 301 2930 546 3012; x_wconf 84' lang='lat' dir='ltr'>indignaretur,</span> <span class='ocrx_word' id='word_1_219' title='bbox 587 2925 725 2988; x_wconf 86' lang='lat' dir='ltr'>arbitror</span> <span class='ocrx_word' id='word_1_220' title='bbox 749 2947 818 2988; x_wconf 89' lang='lat' dir='ltr'>esse</span> <span class='ocrx_word' id='word_1_221' title='bbox 841 2931 972 2990; x_wconf 88' lang='lat' dir='ltr'>omnino</span> <span class='ocrx_word' id='word_1_222' title='bbox 989 2936 1050 2993; x_wconf 71' lang='lat' dir='ltr'>ne&#39;i·</span> 
     </span>
     <span class='ocr_line' id='line_1_34' title="bbox 167 3011 1047 3094; baseline 0.002 -19"><span class='ocrx_word' id='word_1_223' title='bbox 167 3016 299 3080; x_wconf 67' lang='lat' dir='ltr'>minem..</span> <span class='ocrx_word' id='word_1_224' title='bbox 350 3019 402 3078; x_wconf 81' lang='lat' dir='ltr'>Ex</span> <span class='ocrx_word' id='word_1_225' title='bbox 423 3017 591 3080; x_wconf 90' lang='lat' dir='ltr'>codicibus</span> <span class='ocrx_word' id='word_1_226' title='bbox 612 3011 662 3072; x_wconf 85' lang='lat' dir='ltr'>his</span> <span class='ocrx_word' id='word_1_227' title='bbox 682 3014 866 3094; x_wconf 83' lang='lat' dir='ltr'>comparavi</span> <span class='ocrx_word' id='word_1_228' title='bbox 888 3015 991 3094; x_wconf 90' lang='lat' dir='ltr'>primo</span> <span class='ocrx_word' id='word_1_229' title='bbox 1007 3019 1047 3077; x_wconf 91' lang='lat' dir='ltr'>il·</span> 
     </span>
     <span class='ocr_line' id='line_1_35' title="bbox 98 3097 1047 3188; baseline 0.009 -33"><span class='ocrx_word' id='word_1_230' title='bbox 98 3180 100 3188; x_wconf 20' lang='grc' dir='ltr'><strong><em>Α</em></strong></span> <span class='ocrx_word' id='word_1_231' title='bbox 162 3101 234 3160; x_wconf 80' lang='lat' dir='ltr'>lum</span> <span class='ocrx_word' id='word_1_232' title='bbox 251 3099 285 3158; x_wconf 90' lang='lat' dir='ltr'>in</span> <span class='ocrx_word' id='word_1_233' title='bbox 312 3097 362 3178; x_wconf 77' lang='lat'>8,</span> <span class='ocrx_word' id='word_1_234' title='bbox 402 3105 436 3166; x_wconf 87' lang='lat' dir='ltr'>in</span> <span class='ocrx_word' id='word_1_235' title='bbox 460 3101 666 3168; x_wconf 82' lang='lat' dir='ltr'>Bibliotheca</span> <span class='ocrx_word' id='word_1_236' title='bbox 689 3097 885 3182; x_wconf 79' lang='lat' dir='ltr'>Gaibacensi</span> <span class='ocrx_word' id='word_1_237' title='bbox 909 3107 1047 3164; x_wconf 63' lang='lat' dir='ltr'>numere</span> 
     </span>
    </p>
   </div>
   <div class='ocr_carea' id='block_1_7' title="bbox 0 0 1182 3726">
    <p class='ocr_par' dir='ltr' id='par_1_9' title="bbox 0 0 1182 3726">
     <span class='ocr_line' id='line_1_36' title="bbox 0 0 1182 3726; baseline 0 0"><span class='ocrx_word' id='word_1_238' title='bbox 0 0 1182 3726; x_wconf 95' lang='lat' dir='ltr'> </span> 
     </span>
    </p>
   </div>
  </div>
 </body>
</html>
