2346 3726
201 161 275 228 nr
492 135 838 250 Brologuu‘

286 335 442 421 Quemvis
465 333 625 407 editiones
642 333 784 400 omnium
801 337 897 420 longe
915 350 1084 418 praestan·

202 423 344 484 tissimus
357 423 432 494 sint,
458 419 577 501 quibus
594 419 800 482 Bibliotheca
815 421 918 506 Regis
932 421 1084 484 Bomber·
1150 488 1154 499 ,

198 501 307 595 'gensis
323 507 529 589 potissimum
547 504 585 564 ab
603 507 681 565 artis
691 496 932 590 typographiae
948 507 1082 566 incuna-

61 664 65 671 ,
198 595 286 656 bulis
303 591 467 660 abundem
493 591 640 671 quemvis
658 610 811 650 numerus
827 609 937 650 earum
955 606 989 651 et
1005 611 1081 652 curo

108 725 112 744 ,
149 733 153 740 ,
198 677 405 738 librariorum
429 697 466 738 ac
491 675 692 737 eruditorum
722 673 972 750 benevolentia,
1016 697 1081 758 qui

199 764 332 824 conatui
349 782 421 821 meo
441 775 680 842 succurrerent,
701 755 809 822 indier
824 775 1010 846 augeretur,
1034 763 1081 823 ni'·

198 847 268 908 hilo
296 861 404 907 temen
427 848 540 907 minus‘
565 847 771 908 novissimam
801 867 819 905 s
848 846 884 913 G.
901 845 967 906 Feo
991 866 1082 907 curs·

199 947 276 1010 taur,
294 932 410 994 ducem
427 933 542 1014 sequi,
565 932 667 992 estius
681 931 808 1014 putavi,
854 932 966 1016 Quem
981 933 1081 1016 euim,

200 1115 406 1132 *ananan—-
453 1119 457 1126 ·

178 1215 183 1224 '
263 1221 328 1258 rem
344 1221 391 1258 me
408 1201 485 1255 fecit.
508 1229 542 1244 «-
569 1199 613 1255 01.
630 1197 740 1254 Schritz
756 1200 789 1254 in
827 1201 898 1257 raes.
913 1203 950 1255 ad
967 1199 1081 1256 Cicero-

264 1273 311 1325 nis
330 1289 419 1342 opera
433 1270 521 1323 Rhet.
537 1267 617 1338 Lips.
636 1271 710 1331 1604.
729 1287 756 1340 p.
773 1269 786 1322 Ι
817 1271 891 1324 ,citz
910 1271 1029 1344 „Itaque
1047 1271 1082 1324 in
1166 1279 1167 1282 ’

264 1338 349 1394 libris
358 1339 395 1394 ad
405 1338 603 1398 Herennium,
622 1343 650 1391 et
659 1337 809 1392 Ciceronis
821 1339 998 1404 Rhetoricis,
1006 1357 1083 1410 quae

264 1409 356 1480 vulgo
382 1408 419 1461 de
442 1405 617 1461 inventione
639 1406 863 1476 inscribuntur,
898 1407 1083 1462 recensendis

262 1481 399 1548 primum
417 1491 485 1529 usus
505 1493 571 1526 sunr
601 1473 751 1528 codicibus
768 1473 858 1530 Metis
881 1475 1005 1548 aliquot,
1022 1475 1083 1528 Au'·
1166 1492 1167 1514 ³

285 1553 389 1600 ustano
412 1543 644 1597 Rhetoricorum
669 1543 706 1596 ad
722 1543 919 1610 Herennium,
942 1552 970 1597 et
985 1543 1084 1598 Alter·
1162 1589 1166 1599 .

263 1562 324 1668 bno
335 1613 490 1680 utriusque
506 1609 588 1677 libri,
605 1629 735 1682 quorum
751 1631 839 1666 usum
849 1611 1044 1684 Reyschlagii
1054 1620 1084 1666 et

264 1681 423 1738 Munnerti
441 1681 648 1736 benevolentia
666 1689 718 1733 etc.
736 1680 813 1734 mihi
831 1684 1082 1734 concesserat.“-

196 1782 205 1800 r
263 1750 307 1805 01.
330 1750 439 1815 Reishe
464 1751 497 1804 in
523 1749 615 1822 praef.
639 1747 677 1802 ad
702 1746 827 1802 Libanii
850 1747 888 1802 So
909 1750 940 1804 h.
964 1755 1036 1803 oret.
1052 1756 1084 1802 et

199 1864 203 1871 .
265 1819 390 1876 declam.
405 1819 466 1874 vol.
485 1817 506 1872 I.
527 1815 643 1872 Alconti
661 1831 735 1886 1791.
755 1819 779 1871 8.
797 1818 870 1888 p.X
902 1818 922 1872 l.
942 1817 998 1871 ais:
1025 1815 1084 1882 „In

203 1895 206 1900 ’
283 1905 323 1940 uo
346 1892 374 1940 ei
389 1887 560 1956 plurimum
584 1886 751 1952 adjumenti
775 1886 944 1940 attulerunt
967 1885 1084 1942 codices

226 2001 229 2008 ,
261 1905 356 2018 iitsti,
393 1969 531 2023 quossex
550 1952 676 2004 omnino
691 1959 792 2004 nectus
811 1961 867 2017 est,
891 1973 961 2007 nem
984 1971 1000 2006 e
1022 1955 1083 2007 Au·

264 2028 402 2094 gustsnos
422 2021 500 2084 duc,
525 2015 755 2075 Moneobienses
781 2025 855 2084 tres,
884 1971 1084 2078 Guelierbite·

157 2098 161 2106 '
263 2107 339 2144 num
361 2091 496 2141 unum.“
520 2084 698 2160 1³.XXXV.
754 2085 815 2152 „ln
842 2087 913 2144 cod.
938 2088 1084 2145 Bavarico

266 2157 303 2210 N.
335 2153 505 2220 CLXXIV,
548 2172 619 2207 uem
657 2154 770 2208 rimum
787 2173 809 2210 e
831 2156 908 2223 ello,
931 2157 1085 2214 habentur

263 2223 338 2278 haec
367 2232 420 2278 etc.
457 2222 510 2303 „In
528 2171 600 2276 bod.
649 2241 693 2276 av.
717 2222 754 2276 N.
779 2173 896 2290 CgXl,
922 2241 1013 2298 quem
1038 2243 1085 2280 se·

214 2337 216 2342 .
262 2293 412 2359 cundum,
447 2300 475 2345 et
497 2289 619 2350 anod.
642 2287 855 2346 Monechrensr
877 2309 929 2346 reu
948 2293 1017 2350 Bav.
1040 2293 1083 2348 N.

260 2371 322 2428 215,
339 2380 428 2434 quem
451 2361 573 2415 tertium
589 2359 723 2432 appello,
740 2359 889 2415 habentur
905 2361 989 2418 haec.
1024 2360 1084 2428 „In

200 2485 203 2492 ,
260 2429 333 2483 cod.
349 2431 522 2530 Augustani>
556 2430 635 2484 rimo
652 2437 681 2482 et
694 2429 823 2484 secundo
841 2429 985 2504 leguntur
1006 2429 1085 2486 haec

259 2496 394 2550 Libonii.
442 2527 475 2537 -
512 2447 555 2550 Oi.
573 2495 718 2550 Matthiae
734 2499 769 2556 in
787 2500 879 2576 prees.
902 2499 939 2551 ad
958 2497 1083 2568 Euripi-

202 2573 204 2578 ’
259 2564 304 2618 dis
315 2573 387 2634 trag.
405 2563 486 2633 Lips.
506 2568 579 2618 roro.
599 2565 623 2616 o.
642 2581 669 2634 p.
689 2565 750 2622 Vll.
772 2573 828 2616 eit:
848 2565 1009 2629 „Adieram
1025 2565 1085 2618 eti-

259 2649 309 2686 em
324 2649 377 2702 per
392 2631 503 2685 litteras
522 2630 707 2694 Jacobsium,
725 2637 841 2696 petens,
865 2638 900 2682 ut
917 2647 992 2696 quoe
1011 2632 1083 2687 sub-

259 2701 334 2752 sidia
349 2701 529 2756 emendandi
541 2699 693 2768 Euripidis
708 2695 895 2766 Bibliotheca
910 2695 1084 2755 Monacen-

258 2769 297 2820 sis
313 2767 446 2834 haberet,
465 2787 499 2823 ee
514 2767 593 2821 mihi
608 2765 656 2820 vel
671 2765 876 2833 summitteret,
895 2766 943 2825 vel
962 2766 1084 2826 ibidem

259 2835 469 2903 exscribendo,
507 2836 707 2906 excerpenda,
743 2835 921 2894 conferenda
948 2846 1078 2892 curaret.

258 2904 422 2980 Respondit
438 2903 580 3026 lfrecibus
601 2905 673 2977 uicis
702 2903 770 2961 Viri
798 2905 911 2978 egregii
936 2905 1080 2976 mihique

257 2973 429 3028 amicissimi
461 2972 616 3031 umanites.
652 2973 817 3038 „Codicum
833 2973 1081 3046 Augustinorum

210 3096 214 3102 ,
258 3043 352 3097 trium
379 3041 765 3105 collationesn·en1icissimi
790 3041 958 3102 Hermenoi
987 3041 1080 3104 bene·-

256 3110 407 3169 volentiee
430 3109 543 3166 debeo“
568 3118 620 3169 etc.
